@ARTICLE{Meyer2000,
AUTHOR={Bernd Meyer},
TITLE={A constraint-based framework for diagrammatic reasoning},
JOURNAL={Applied Artificial Intelligence},
VOLUME= {14},
ISSUE = {4},
PAGES= {327--344},
YEAR={2000}
}
